% This file was created with JabRef 2.7b.
% Encoding: UTF-8

@MISC{aavatsmark2004bevarelsesmetoder,
  author = {Aavatsmark, I.},
  title = {Bevarelsesmetoder for elliptiske di erensialligninger},
  howpublished = {\url{http://www.mi.uib.no/~aavat/elliptisk.pdf}},
  year = {2004},
  journal = {University of Bergen}
}

@MISC{aavatsmark2004bevarelsesmetoderHP,
  author = {Aavatsmark, I.},
  title = {Bevarelsesmetoder for hyperbolske differensialligninger},
  howpublished = {\url{http://www.mi.uib.no/~aavat/hyperbolsk.pdf}},
  year = {2004},
  journal = {University of Bergen}
}

@BOOK{Abramowitz1965,
  title = {Handbook of Mathematical Functions with Formulas, Graphs, and Mathematical
	Tables},
  publisher = {New York: Dover},
  year = {1965},
  author = {Abramowitz, M. and Stegun, I., A.},
  pages = {1146}
}

@BOOK{Abramowitz1965a,
  title = {Handbook of Mathematical Functions with Formulas, Graphs, and Mathematical
	Tables},
  publisher = {New York: Dover},
  year = {1965},
  author = {Abramowitz, M. and Stegun, I., A.},
  pages = {1146}
}

@ARTICLE{alkan2010impact,
  author = {Alkan, H. and Cinar, Y. and {\"U}lker, EB},
  title = {Impact of Capillary Pressure, Salinity and In situ Conditions on
	CO 2 Injection into Saline Aquifers},
  journal = {Transport in porous media},
  year = {2010},
  volume = {84},
  pages = {799--819},
  number = {3},
  publisher = {Springer}
}

@ARTICLE{allen1986theoretical,
  author = {Allen, FR and Puckett, DA},
  title = {Theoretical and Experimental Studies of Rate-Dependent Two-Phase
	Immiscible Flow},
  journal = {SPE Production Engineering},
  year = {1986},
  volume = {1},
  pages = {62--74},
  number = {1},
  publisher = {Society of Petroleum Engineers}
}

@CONFERENCE{allinson2002co2,
  author = {Allinson, G. and Nguyen, V.},
  title = {{CO2 Geological Storage Economics}},
  booktitle = {International Conference on Greenhouse Gas Control Technologies},
  year = {2002},
  volume = {6},
  pages = {2002}
}

@ARTICLE{arwade2010variance,
  author = {Arwade, S.R. and Moradi, M. and Louhghalam, A.},
  title = {Variance decomposition and global sensitivity for structural systems},
  journal = {Engineering Structures},
  year = {2010},
  volume = {32},
  pages = {1--10},
  number = {1},
  publisher = {Elsevier}
}

@CONFERENCE{ashraf2012impact,
  author = {Ashraf, M. and Lie, K.A. and Nilsen and Skorstad, A.},
  title = {{Impact of geological heterogeneity on early-stage CO2 plume migration:Sensitivity
	analysis}},
  booktitle = {ready for submission},
  year = {2010}
}

@CONFERENCE{ashraf2010impact,
  author = {Ashraf, M. and Lie, K.A. and Nilsen, H.M. and Nordbotten, J.M. and
	Skorstad, A.},
  title = {{Impact of geological heterogeneity on early-stage CO2 plume migration}},
  booktitle = {CMWR},
  year = {2010}
}

@ARTICLE{bachu2008co2,
  author = {Bachu, S.},
  title = {{CO2 storage in geological media: Role, means, status and barriers
	to deployment}},
  journal = {Progress in Energy and Combustion Science},
  year = {2008},
  volume = {34},
  pages = {254--273},
  number = {2},
  issn = {0360-1285},
  publisher = {Elsevier}
}

@ARTICLE{bachu2003screening,
  author = {Bachu, S.},
  title = {{Screening and ranking of sedimentary basins for sequestration of
	CO2 in geological media in response to climate change}},
  journal = {Environmental Geology},
  year = {2003},
  volume = {44},
  pages = {277--289},
  number = {3},
  issn = {0943-0105},
  publisher = {Springer}
}

@ARTICLE{bachu2002sequestration,
  author = {Bachu, S.},
  title = {{Sequestration of CO2 in geological media in response to climate
	change: road map for site selection using the transform of the geological
	space into the CO2 phase space}},
  journal = {Energy Conversion and management},
  year = {2002},
  volume = {43},
  pages = {87--102},
  number = {1},
  issn = {0196-8904},
  publisher = {Elsevier}
}

@ARTICLE{bachu2000sequestration,
  author = {Bachu, S.},
  title = {{Sequestration of $\mbox{CO}_2$ in geological media: criteria and
	approach for site selection in response to climate change}},
  journal = {Energy Conversion and Management},
  year = {2000},
  volume = {41},
  pages = {953--970},
  number = {9},
  issn = {0196-8904},
  publisher = {Elsevier}
}

@INPROCEEDINGS{bashore1993importance,
  author = {Bashore, WM and Araktingi, UG and Levy, M. and Schweller, WJ},
  title = {The importance of the geological model for reservoir characterization
	using geostatistical techniques and the impact on subsequent fluid
	flow},
  booktitle = {SPE Annual Technical Conference and Exhibition},
  year = {1993}
}

@BOOK{bear1988dynamics,
  title = {Dynamics of fluids in porous media},
  publisher = {Dover publications},
  year = {1988},
  author = {Bear, J.}
}

@MISC{krLib,
  author = {Benson Lab, Stanford University},
  title = {Relative Pereability Explorer(RPE)},
  howpublished = {\url{ http://pangea.stanford.edu/research/bensonlab/relperm/index.html
	}}
}

@ARTICLE{bentsen1993effect,
  author = {Bentsen, R.G.},
  title = {Effect of neglecting viscous coupling and dynamic capillary pressure
	on the one-dimensional flow of two immiscible phases through a porous
	medium},
  journal = {SPE paper},
  year = {1993},
  number = {026016}
}

@ARTICLE{binning1999practical,
  author = {Binning, P. and Celia, M.A.},
  title = {Practical implementation of the fractional flow approach to multi-phase
	flow simulation},
  journal = {Advances in water resources},
  year = {1999},
  volume = {22},
  pages = {461--478},
  number = {5},
  publisher = {Elsevier}
}

@TECHREPORT{stateRpt,
  author = {Michael Blohm},
  title = {Sustainability Criteria and CCS in Germany},
  institution = {Federal Ministry for the Environment, Nature Conservation and Nuclear
	Safety},
  year = {2007},
  optkey = {Unit KII1 National Climate Change Program}
}

@ARTICLE{bouc2010co2,
  author = {Bouc, O. and Bellefant, G. and Dubois, D. and Guyonnet, D. and Rohmer,
	J. and Gastine, M. and Wertz, F. and Fabriol, H.},
  title = {{CO2 geological storage safety assessment: methodological developments}},
  year = {2010}
}

@ARTICLE{bradshaw2001geological,
  author = {Bradshaw, J. and Cook, P.},
  title = {Geological sequestration of carbon dioxide},
  journal = {Environmental Geosciences},
  year = {2001},
  volume = {8},
  pages = {149},
  number = {3},
  publisher = {Am Assoc Petrol Geol}
}

@ARTICLE{Brennan2010,
  author = {Brennan, S.T. and Burruss, R.C. and Merrill, M.D. and Freeman, P.A.
	and Ruppert, L.F.},
  title = {A probabilistic assessment methodology for the evaluation of geologic
	carbon dioxide storage},
  journal = {US Geological Survey Open-File Report},
  year = {2010},
  volume = {1127},
  pages = {31}
}

@ARTICLE{brennan2010probabilistic,
  author = {Brennan, S.T. and Burruss, R.C. and Merrill, M.D. and Freeman, P.A.
	and Ruppert, L.F.},
  title = {A probabilistic assessment methodology for the evaluation of geologic
	carbon dioxide storage},
  journal = {US Geological Survey Open-File Report},
  year = {2010},
  volume = {1127},
  pages = {31}
}

@ARTICLE{brooks1964hydraulic,
  author = {Brooks, RH and Corey, A.T.},
  title = {{Hydraulic properties of porous media}},
  journal = {Hydrology Papers, Colorado State University},
  year = {1964},
  number = {March}
}

@ARTICLE{caers2002multiple,
  author = {Caers, J. and Zhang, T.},
  title = {{Multiple-point geostatistics: a quantitative vehicle for integrating
	geologic analogs into multiple reservoir models}},
  journal = {AAPG},
  year = {2002}
}

@ARTICLE{cailly2005geological,
  author = {Cailly, B. and Le Thiez, P. and Egermann, P. and Audibert, A. and
	Vidal-Gilbert, S. and Longaygue, X.},
  title = {Geological Storage of $\mbox{CO}_2$: A State-of-the-Art of Injection
	Processes and Technologies},
  journal = {Oil \& Gas Science and Technology},
  year = {2005},
  volume = {60},
  pages = {517-525},
  number = {3}
}

@ARTICLE{cavanagh2011pressurization,
  author = {Cavanagh, A. and Wildgust, N.},
  title = {Pressurization and brine displacement issues for deep saline formation
	$\mbox{CO}_{2}$ storage},
  journal = {Energy Procedia},
  year = {2011},
  volume = {4},
  pages = {4814--4821},
  publisher = {Elsevier}
}

@BOOK{celia2011geological,
  title = {Geological Storage of CO2: Modeling Approaches for Large-Scale Simulation},
  publisher = {Wiley},
  year = {2011},
  author = {Celia, M.A. and Nordbotten, J.M.}
}

@INPROCEEDINGS{chen1990integral,
  author = {Chen, Z. and Bodvarsson, GS and Witherspoon, PA},
  title = {An Integral equation formulation for two-phase flow and other nonlinear
	flow problems through porous media},
  booktitle = {SPE Annual Technical Conference and Exhibition},
  year = {1990}
}

@ARTICLE{class2009benchmark,
  author = {Class, H. and Ebigbo, A. and Helmig, R. and Dahle, H.K. and Nordbotten,
	J.M. and Celia, M.A. and Audigane, P. and Darcis, M. and Ennis-King,
	J. and Fan, Y. and others},
  title = {A benchmark study on problems related to $\mbox{CO}_2$ storage in
	geologic formations},
  journal = {Computational Geosciences},
  year = {2009},
  volume = {13},
  pages = {409--434},
  number = {4},
  publisher = {Springer}
}

@ARTICLE{cook2000putting,
  author = {Cook, PJ and Rigg, A. and Bradshaw, J.},
  title = {{Putting it back where it came from: Is geological disposal of carbon
	dioxide an option for Australia}},
  journal = {Australian Petroleum Production and Exploration Association Journal},
  year = {2000},
  volume = {1}
}

@ARTICLE{corey1954interrelation,
  author = {Corey, A.T.},
  title = {{The interrelation between gas and oil relative permeabilities}},
  journal = {Producers Monthly},
  year = {1954},
  volume = {19},
  pages = {38--41},
  number = {1}
}

@ARTICLE{Crestaux2009,
  author = {Crestaux, T. and others},
  title = {Polynomial chaos expansion for sensitivity analysis},
  journal = {Reliability Engineering \& System Safety},
  year = {2009},
  volume = {94},
  pages = {1161--1172},
  number = {7},
  publisher = {Elsevier}
}

@ARTICLE{crestaux2009polynomial,
  author = {Crestaux, T. and others},
  title = {Polynomial chaos expansion for sensitivity analysis},
  journal = {Reliability Engineering \& System Safety},
  year = {2009},
  volume = {94},
  pages = {1161--1172},
  number = {7},
  publisher = {Elsevier}
}

@INPROCEEDINGS{dong1999effect,
  author = {Dong, M. and Dullien, FAL},
  title = {Effect of capillary forces on immiscible displacement in porous media},
  booktitle = {SPE Annual Technical Conference and Exhibition},
  year = {1999}
}

@ARTICLE{duan2006equation,
  author = {Duan, Z. and Zhang, Z.},
  title = {Equation of state of the H2O, CO2, and H2O-CO2 systems up to 10 GPa
	and 2573.15 K: Molecular dynamics simulations with ab initio potential
	surface},
  journal = {Geochimica et cosmochimica acta},
  year = {2006},
  volume = {70},
  pages = {2311--2324},
  number = {9},
  publisher = {Elsevier}
}

@ARTICLE{dutton2003reservoir,
  author = {Dutton, S.P. and Flanders, W.A. and Barton, M.D.},
  title = {{Reservoir characterization of a Permian deep-water sandstone, East
	Ford field, Delaware basin, Texas}},
  journal = {AAPG bulletin},
  year = {2003},
  volume = {87},
  pages = {609-628},
  number = {4},
  issn = {0149-1423},
  publisher = {Am Assoc Petrol Geol}
}

@ARTICLE{eaton2006importance,
  author = {Eaton, T.T.},
  title = {{On the importance of geological heterogeneity for flow simulation}},
  journal = {Sedimentary Geology},
  year = {2006},
  volume = {184},
  pages = {187--201},
  number = {3-4},
  issn = {0037-0738},
  publisher = {Elsevier}
}

@ARTICLE{elenius2012time,
  author = {Elenius, M.T. and Johannsen, K.},
  title = {On the time scales of nonlinear instability in miscible displacement
	porous media flow},
  journal = {Computational Geosciences},
  year = {2012},
  pages = {1--11},
  publisher = {Springer}
}

@ARTICLE{eleniuseffects,
  author = {Elenius, M.T. and NORDBOTTEN, J. and Kalisch, H.},
  title = {Effects of a capillary transition zone on the stability of a diffusive
	boundary layer}
}

@INPROCEEDINGS{elenius2010co2,
  author = {Elenius, M.T. and Tchelepi, H.A. and Johannsen, K.},
  title = {$\mbox{CO}_2$ trapping in sloping aquifers: High resolution numerical
	simulations},
  booktitle = {XVIII International Conference on Water Resources, CIMNE, Barcelona},
  year = {2010}
}

@TECHREPORT{eurobarometer,
  author = {EUROBAROMETER},
  title = {Public Awareness and Acceptance of CO2 capture and storage},
  institution = {European Commission},
  year = {2011}
}

@ARTICLE{Fajraoui2011,
  author = {Fajraoui, N. and Ramasomanana, F. and Younes, A. and Mara, T. A.and
	Ackerer, P. and Guadagnini, A.},
  title = {Use of Global Sensitivity Analysis and Polynomial Chaos Expansion
	for Interpretation of Non-reactive Transport Experiments in Laboratory-Scale
	Porous Media},
  journal = {Water Resour. Res.},
  year = {2011},
  number = {doi:10.1029/2010WR009639}
}

@ARTICLE{Fajraoui_al_2011_WRR,
  author = {Fajraoui, N. and Ramasomanana, F. and Younes, A. and Mara, T. A.and
	Ackerer, P. and Guadagnini, A.},
  title = {Use of Global Sensitivity Analysis and Polynomial Chaos Expansion
	for Interpretation of Non-reactive Transport Experiments in Laboratory-Scale
	Porous Media},
  journal = {Water Resour. Res.},
  year = {2011},
  number = {doi:10.1029/2010WR009639}
}

@INPROCEEDINGS{farajzadeh2011analytical,
  author = {Farajzadeh, R. and Bruining, J.},
  title = {An Analytical Method for Predicting the Performance of Gravitationally-Unstable
	Flow in Heterogeneous Media},
  booktitle = {SPE EUROPEC/EAGE Annual Conference and Exhibition},
  year = {2011}
}

@ARTICLE{fayers1959effect,
  author = {Fayers, FJ and Sheldon, JW},
  title = {The effect of capillary pressure and gravity on two-phase fluid flow
	in a porous medium},
  journal = {Trans. AIME},
  year = {1959},
  volume = {216},
  pages = {147}
}

@ARTICLE{Flett2007,
  author = {Flett, M. and Gurton, R. and Weir, G.},
  title = {{Heterogeneous saline formations for carbon dioxide disposal: Impact
	of varying heterogeneity on containment and trapping}},
  journal = {Journal of Petroleum Science and Engineering},
  year = {2007},
  volume = {57},
  pages = {106--118},
  number = {1-2},
  issn = {0920-4105},
  publisher = {Elsevier}
}

@ARTICLE{flett2007heterogeneous,
  author = {Flett, M. and Gurton, R. and Weir, G.},
  title = {{Heterogeneous saline formations for carbon dioxide disposal: Impact
	of varying heterogeneity on containment and trapping}},
  journal = {Journal of Petroleum Science and Engineering},
  year = {2007},
  volume = {57},
  pages = {106--118},
  number = {1-2},
  issn = {0920-4105},
  publisher = {Elsevier}
}

@ARTICLE{Foo2010,
  author = {Foo, J. and Karniadakis, G.E.},
  title = {{Multi-element probabilistic collocation method in high dimensions}},
  journal = {Journal of Computational Physics},
  year = {2010},
  volume = {229},
  pages = {1536--1557},
  number = {5},
  issn = {0021-9991},
  publisher = {Elsevier}
}

@ARTICLE{foo_pcm_JCP2010,
  author = {Foo, J. and Karniadakis, G.E.},
  title = {{Multi-element probabilistic collocation method in high dimensions}},
  journal = {Journal of Computational Physics},
  year = {2010},
  volume = {229},
  pages = {1536--1557},
  number = {5},
  issn = {0021-9991},
  publisher = {Elsevier}
}

@ARTICLE{foukal2006variations,
  author = {Foukal, P. and Fr{\"o}hlich, C. and Spruit, H. and Wigley, TML},
  title = {Variations in solar luminosity and their effect on the Earth's climate},
  journal = {Nature},
  year = {2006},
  volume = {443},
  pages = {161--166},
  number = {7108},
  publisher = {Nature Publishing Group}
}

@ARTICLE{gasda2009vertical,
  author = {Gasda, SE and Nordbotten, JM and Celia, MA},
  title = {{Vertical equilibrium with sub-scale analytical methods for geological
	CO 2 sequestration}},
  journal = {Computational Geosciences},
  year = {2009},
  volume = {13},
  pages = {469--481},
  number = {4},
  issn = {1420-0597},
  publisher = {Springer}
}

@ARTICLE{geoquest2007eclipse,
  author = {Geoquest, S.},
  title = {Eclipse Reference Manual},
  journal = {Schlumberger Information Solution (Geoquest)},
  year = {2007}
}

@ARTICLE{Ghanem1993,
  author = {Ghanem, R. and Spanos, P.},
  title = {A stochastic galerkin expansion for nonlinear random vibration analysis},
  journal = {Probabilistic Engineering Mechanics},
  year = {1993},
  volume = {8},
  pages = {255--264}
}

@ARTICLE{Ghanem1990,
  author = {R. Ghanem and P. D. Spanos},
  title = {Polynomial Chaos in Stochastic Finite Elements},
  journal = {Journal of Applied Mechanics},
  year = {1990},
  volume = {57},
  pages = {197-202}
}

@ARTICLE{Ghanem_Spanos_1990_PC_in_SFEM,
  author = {R. Ghanem and P. D. Spanos},
  title = {Polynomial Chaos in Stochastic Finite Elements},
  journal = {Journal of Applied Mechanics},
  year = {1990},
  volume = {57},
  pages = {197-202}
}

@BOOK{Ghanem1991,
  title = {Stochastic Finite Elements: A Spectral Approach},
  publisher = {Springer-Verlag},
  year = {1991},
  author = {R. G. Ghanem and P. D. Spanos},
  address = {New York}
}

@BOOK{Ghanem_Spanos_1991_SFEM_book,
  title = {Stochastic Finite Elements: A Spectral Approach},
  publisher = {Springer-Verlag},
  year = {1991},
  author = {R. G. Ghanem and P. D. Spanos},
  address = {New York}
}

@ARTICLE{grayderivation,
  author = {GRAY, W.G. and HERRERA, P.A. and GASDA, S.E. and DAHLE, H.K.},
  title = {Derivation of vertical equilibrium models for $\mbox{CO}_2$ migration
	from pore scale equations},
  journal = {International Journal of Numerical Analysis and Modeling},
  year = {2011}
}

@ARTICLE{green2010effect,
  author = {Green, C.P. and Ennis-King, J.},
  title = {{Effect of Vertical Heterogeneity on Long-Term Migration of CO 2
	in Saline Formations}},
  journal = {Transport in porous media},
  year = {2010},
  volume = {82},
  pages = {31--47},
  number = {1},
  issn = {0169-3913},
  publisher = {Springer}
}

@ARTICLE{greenwood1969compressibility,
  author = {Greenwood, HJ},
  title = {The compressibility of gaseous mixtures of carbon dioxide and water
	between 0 and 500 bars pressure and 450 and 800 centigrade},
  journal = {Am. J. Sci},
  year = {1969},
  volume = {267},
  pages = {191--208}
}

@ARTICLE{gunter1997aquifer,
  author = {Gunter, WD and Wiwehar, B. and Perkins, EH},
  title = {Aquifer disposal of CO 2-rich greenhouse gases: extension of the
	time scale of experiment for CO 2-sequestering reactions by geochemical
	modelling},
  journal = {Mineralogy and Petrology},
  year = {1997},
  volume = {59},
  pages = {121--140},
  number = {1},
  publisher = {Springer}
}

@INPROCEEDINGS{hadley1956theoretical,
  author = {Hadley, GF and Handy, LL},
  title = {A theoretical and experimental study of the steady state capillary
	end effect},
  booktitle = {Fall Meeting of the Petroleum Branch of AIME},
  year = {1956}
}

@ARTICLE{hassanzadeh2005modelling,
  author = {Hassanzadeh, H. and Pooladi-Darvish, M. and Keith, D.},
  title = {Modelling of Convective Mixing in CO Storage},
  journal = {Journal of Canadian Petroleum Technology},
  year = {2005},
  volume = {44},
  number = {10},
  publisher = {Society of Petroleum Engineers}
}

@BOOK{hitchon1996aquifer,
  title = {{Aquifer disposal of carbon dioxide: hydrodynamic and mineral trapping:
	proof of concept}},
  publisher = {Geoscience Pub.},
  year = {1996},
  author = {Hitchon, B.},
  isbn = {0968084400}
}

@ARTICLE{hitchon1999sedimentary,
  author = {Hitchon, B. and Gunter, WD and Gentzis, T. and Bailey, RT},
  title = {Sedimentary basins and greenhouse gases: a serendipitous association},
  journal = {Energy Conversion and Management},
  year = {1999},
  volume = {40},
  pages = {825--843},
  number = {8},
  publisher = {Elsevier}
}

@ARTICLE{holden2000operator,
  author = {Holden, H. and Karlsen, K.H. and Lie, K.A.},
  title = {{Operator splitting methods for degenerate convection--diffusion
	equations II: numerical examples with emphasis on reservoir simulation
	and sedimentation}},
  journal = {Computational geosciences},
  year = {2000},
  volume = {4},
  pages = {287--322},
  number = {4},
  issn = {1420-0597},
  publisher = {Springer}
}

@BOOK{Houghton2001,
  title = {Climate change 2001: the scientific basis},
  publisher = {Cambridge University Press Cambridge},
  year = {2001},
  author = {Houghton, J.T. and others},
  volume = {881}
}

@BOOK{houghton2001climate,
  title = {{Climate change 2001: the scientific basis}},
  publisher = {Cambridge University Press Cambridge},
  year = {2001},
  author = {Houghton, J.T. and others},
  volume = {881}
}

@ARTICLE{howell2008sedimentological,
  author = {Howell, J.A. and Skorstad, A. and MacDonald, A. and Fordham, A. and
	Flint, S. and Fjellvoll, B. and Manzocchi, T.},
  title = {{Sedimentological parameterization of shallow-marine reservoirs}},
  journal = {Petroleum Geoscience},
  year = {2008},
  volume = {14},
  pages = {17-34},
  number = {1},
  issn = {1354-0793}
}

@ARTICLE{Isukapalli1998,
  author = {Isukapalli, S., S. and Roy, A. and Georgopoulos, P., G.},
  title = {Stochastic Response Surface Methods (SRSMs) for uncertainty propagation:
	Application to environmental and biological systems},
  journal = {Risk Analysis},
  year = {1998},
  volume = {18},
  pages = {351--363},
  number = {3}
}

@ARTICLE{izgec2008co,
  author = {Izgec, O. and Demiral, B. and Bertin, H. and Akin, S.},
  title = {{CO 2 Injection into Saline Carbonate Aquifer Formations II: Comparison
	of Numerical Simulations to Experiments}},
  journal = {Transport in Porous Media},
  year = {2008},
  volume = {73},
  pages = {57--74},
  number = {1},
  issn = {0169-3913},
  publisher = {Springer}
}

@ARTICLE{Jang1994,
  author = {Jang, Y.,S. and Sitar, N. and Kiureghian, A.,D.},
  title = {Reliability analysis of contaminant transport in saturated porous
	media.},
  journal = {Water Resources Research},
  year = {1994},
  volume = {30},
  pages = {2435-2448},
  number = {8}
}

@ARTICLE{Jang1994a,
  author = {Jang, Y.,S. and Sitar, N. and Kiureghian, A.,D.},
  title = {Reliability analysis of contaminant transport in saturated porous
	media.},
  journal = {Water Resources Research},
  year = {1994},
  volume = {30},
  pages = {2435-2448},
  number = {8}
}

@ARTICLE{Juanes2006,
  author = {Juanes, R. and Spiteri, EJ and Orr Jr, FM and Blunt, MJ},
  title = {{Impact of relative permeability hysteresis on geological CO2 storage}},
  journal = {Water Resour. Res},
  year = {2006},
  volume = {42},
  pages = {W12418}
}

@ARTICLE{juanes2006impact,
  author = {Juanes, R. and Spiteri, EJ and Orr Jr, FM and Blunt, MJ},
  title = {{Impact of relative permeability hysteresis on geological CO2 storage}},
  journal = {Water Resour. Res},
  year = {2006},
  volume = {42},
  pages = {W12418}
}

@ARTICLE{juanes2006impact,
  author = {Juanes, R. and Spiteri, EJ and Orr Jr, FM and Blunt, MJ},
  title = {{Impact of relative permeability hysteresis on geological CO2 storage}},
  journal = {Water Resour. Res},
  year = {2006},
  volume = {42},
  pages = {W12418}
}

@ARTICLE{karlsen2001operator,
  author = {Karlsen, K.H. and Lie, K.A. and Natvig, JR and Nordhaug, H.F. and
	Dahle, H.K.},
  title = {{Operator splitting methods for systems of convection-diffusion equations:
	nonlinear error mechanisms and correction strategies}},
  journal = {Journal of Computational Physics},
  year = {2001},
  volume = {173},
  pages = {636--663},
  number = {2},
  issn = {0021-9991},
  publisher = {Elsevier}
}

@ARTICLE{Keese2003,
  author = {Keese, A. and Matthies, H. G.},
  title = {Sparse quadrature as an alternative to MC for stochastic finite element
	techniques},
  journal = {Proc. Appl. Math. Mech.},
  year = {2003},
  volume = {3},
  pages = {493--494}
}

@ARTICLE{kopp2009investigations1,
  author = {Kopp, A. and Class, H. and Helmig, R.},
  title = {Investigations on $\mbox{CO}_{2}$ storage capacity in saline aquifers::
	Part 1. Dimensional analysis of flow processes and reservoir characteristics},
  journal = {International Journal of Greenhouse Gas Control},
  year = {2009},
  volume = {3},
  pages = {263--276},
  number = {3},
  publisher = {Elsevier}
}

@ARTICLE{kopp2009investigations2,
  author = {Kopp, A. and Class, H. and Helmig, R.},
  title = {Investigations on $\mbox{CO}_{2}$ storage capacity in saline aquifers--Part
	2: Estimation of storage capacity coefficients},
  journal = {International Journal of Greenhouse Gas Control},
  year = {2009},
  volume = {3},
  pages = {277--287},
  number = {3},
  publisher = {Elsevier}
}

@ARTICLE{Kovscek2005,
  author = {Kovscek, AR and Wang, Y.},
  title = {Geologic storage of carbon dioxide and enhanced oil recovery. I.
	Uncertainty quantification employing a streamline based proxy for
	reservoir flow simulation},
  journal = {Energy conversion and management},
  year = {2005},
  volume = {46},
  pages = {1920--1940},
  number = {11},
  publisher = {Elsevier}
}

@ARTICLE{kovscek2005geologic,
  author = {Kovscek, AR and Wang, Y.},
  title = {Geologic storage of carbon dioxide and enhanced oil recovery. I.
	Uncertainty quantification employing a streamline based proxy for
	reservoir flow simulation},
  journal = {Energy conversion and management},
  year = {2005},
  volume = {46},
  pages = {1920--1940},
  number = {11},
  publisher = {Elsevier}
}

@CONFERENCE{kumar2004reservoir,
  author = {Kumar, A. and Noh, M. and Pope, GA and Sepehrnoori, K. and Bryant,
	S. and Lake, LW},
  title = {{Reservoir simulation of CO2 storage in deep saline aquifers}},
  booktitle = {SPE/DOE Symposium on Improved Oil Recovery},
  year = {2004}
}

@ARTICLE{le2010corrective,
  author = {Le Guenan, T. and Rohmer, J.},
  title = {Corrective measures based on pressure control strategies for $\mbox{CO}_{2}$
	geological storage in deep aquifers},
  journal = {International Journal of Greenhouse Gas Control},
  year = {2010},
  publisher = {Elsevier}
}

@ARTICLE{nLi2007,
  author = {Li, H. and Zhang, D.},
  title = {Probabilistic collocation method for flow in porous media: Comparisons
	with other stochastic methods},
  journal = {Water Resources Research},
  year = {2007},
  volume = {43},
  pages = {44--48}
}

@ARTICLE{lie2011open,
  author = {Lie, K.A. and Krogstad, S. and Ligaarden, I.S. and Natvig, J.R. and
	Nilsen, H.M. and Skaflestad, B.},
  title = {Open-source MATLAB implementation of consistent discretisations on
	complex grids},
  journal = {Computational Geosciences},
  year = {2011},
  pages = {1--26},
  publisher = {Springer}
}

@ARTICLE{lie2010accurate,
  author = {Lie, K.A. and Ligaarden, I.S. and Nilsen, H.M.},
  title = {Accurate Discretization of Vertically-Averaged Models of $\mbox{CO}_2$
	Plume Migration},
  journal = {ECMOR XII--12th European Conference on the Mathematics of Oil Recovery,
	EAGE, Oxford, UK},
  year = {2010}
}

@INPROCEEDINGS{ligaarden2010numerical,
  author = {Ligaarden, I. and Nilsen, HM},
  title = {Numerical aspects of using vertical equilibrium models for simulating
	$\mbox{CO}_2$ sequestration},
  booktitle = {Proceedings of ECMOR XII--12th European Conference on the Mathematics
	of Oil Recovery, EAGE, Oxford, UK},
  year = {2010}
}

@ARTICLE{lucier2008assessing,
  author = {Lucier, A. and Zoback, M.},
  title = {{Assessing the economic feasibility of regional deep saline aquifer
	CO2 injection and storage: A geomechanics-based workflow applied
	to the Rose Run sandstone in Eastern Ohio, USA}},
  journal = {International Journal of Greenhouse Gas Control},
  year = {2008},
  volume = {2},
  pages = {230--247},
  number = {2},
  issn = {1750-5836},
  publisher = {Elsevier}
}

@ARTICLE{lucier2006geomechanical,
  author = {Lucier, A. and Zoback, M. and Gupta, N. and Ramakrishnan, TS},
  title = {{Geomechanical aspects of CO2 sequestration in a deep saline reservoir
	in the Ohio River Valley region}},
  journal = {Environmental Geosciences},
  year = {2006},
  volume = {13},
  pages = {85},
  number = {2},
  issn = {1075-9565},
  publisher = {Am Assoc Petrol Geol}
}

@ARTICLE{manzocchi2008sensitivity,
  author = {Manzocchi, T. and Carter, J.N. and Skorstad, A. and Fjellvoll, B.
	and Stephen, K.D. and Howell, JA and Matthews, J.D. and Walsh, J.J.
	and Nepveu, M. and Bos, C. and others},
  title = {{Sensitivity of the impact of geological uncertainty on production
	from faulted and unfaulted shallow-marine oil reservoirs: objectives
	and methods}},
  journal = {Petroleum Geoscience},
  year = {2008},
  volume = {14},
  pages = {3-11},
  number = {1},
  issn = {1354-0793}
}

@MISC{mrst,
  author = {SINTEF Applied Matemathics},
  title = {MATLAB Reservoir Simulation Toolbox},
  howpublished = {\url {http://http://www.sintef.no/MRST}}
}

@ARTICLE{matthews2008assessing,
  author = {Matthews, J.D. and Carter, J.N. and Stephen, K.D. and Zimmerman,
	R.W. and Skorstad, A. and Manzocchi, T. and Howell, J.A.},
  title = {{Assessing the effect of geological uncertainty on recovery estimates
	in shallow-marine reservoirs: the application of reservoir engineering
	to the SAIGUP project}},
  journal = {Petroleum Geoscience},
  year = {2008},
  volume = {14},
  pages = {35-44},
  number = {1},
  issn = {1354-0793}
}

@ARTICLE{Matthies2005,
  author = {Matthies, H., G. and Keese., A.},
  title = {Galerkin methods for linear and nonlinear elliptic stochastic partial
	differential equations},
  journal = {Comp. Meth. Appl. Mech. Engrg.},
  year = {2005},
  volume = {194},
  pages = {1295--1331}
}

@ARTICLE{LGH1993959,
  author = {L.G.H. van der Meer},
  title = {The conditions limiting $\mbox{CO}_{2}$ storage in aquifers},
  journal = {Energy Conversion and Management},
  year = {1993},
  volume = {34},
  pages = {959-966},
  number = {9-11},
  doi = {10.1016/0196-8904(93)90042-9},
  issn = {0196-8904},
  keywords = {Carbon dioxide storage}
}

@ARTICLE{LGH1992611,
  author = {L.G.H. van der Meer},
  title = {Investigations regarding the storage of carbon dioxide in aquifers
	in the {Netherlands}},
  journal = {Energy Conversion and Management},
  year = {1992},
  volume = {33},
  pages = {611-618},
  number = {5-8},
  doi = {10.1016/0196-8904(92)90063-3},
  issn = {0196-8904},
  keywords = {Carbon dioxide storage},
  url = {http://www.sciencedirect.com/science/article/pii/0196890492900633}
}

@INPROCEEDINGS{melick2009incorporating,
  author = {Melick, J. and Gardner, M. and Uland, M.},
  title = {Incorporating Geologic Heterogeneity in 3D Basin-Scale Models for
	$\mbox{CO}_2$ Sequestration: Examples From the Powder River Basin,
	NE Wyoming and SE Montana},
  booktitle = {SPE International Conference on $\mbox{CO}_2$ Capture, Storage, and
	Utilization},
  year = {2009}
}

@INPROCEEDINGS{milliken2008effect,
  author = {Milliken, W. and Levy, M. and Strebelle, S. and Zhang, Y.},
  title = {The effect of geologic parameters and uncertainties on subsurface
	flow: deepwater depositional systems},
  booktitle = {SPE Western Regional and Pacific Section AAPG Joint Meeting},
  year = {2008}
}

@ARTICLE{Morris1991,
  author = {Morris, M.,D.},
  title = {Morris Factorial Sampling Plans for Preliminary Computational Experiments},
  journal = {Technometrics},
  year = {1991},
  pages = {161--174},
  number = {33}
}

@ARTICLE{Morris1991a,
  author = {Morris, M.,D.},
  title = {Morris Factorial Sampling Plans for Preliminary Computational Experiments},
  journal = {Technometrics},
  year = {1991},
  pages = {161--174},
  number = {33}
}

@BOOK{muskatflow,
  title = {The Flow of Homogeneous Fluids Through Porous Media},
  publisher = {Mac Graw Hill, New York},
  year = {1937},
  author = {Muskat, M.}
}

@ARTICLE{moll2011field,
  author = {M{\o}ll Nilsen, H. and Herrera, P.A. and Ashraf, M. and Ligaarden,
	I. and Iding, M. and Hermanrud, C. and Lie, K.A. and Nordbotten,
	J.M. and Dahle, H.K. and Keilegavlen, E.},
  title = {Field-case simulation of $\mbox{CO}_2$ plume migration using vertical-equilibrium
	models},
  journal = {Energy Procedia},
  year = {2011},
  volume = {4},
  pages = {3801--3808},
  publisher = {Elsevier}
}

@ARTICLE{nasaref,
  author = {NASA},
  title = {Global Climate Change},
  journal = {Earth Science Communications Team},
  volume = {http://climate.nasa.gov/causes/}
}

@ARTICLE{nicot2008evaluation,
  author = {Nicot, J.P.},
  title = {Evaluation of large-scale $\mbox{CO}_2$ storage on fresh-water sections
	of aquifers: an example from the {Texas} {Gulf} {Coast} {Basin}},
  journal = {International Journal of Greenhouse Gas Control},
  year = {2008},
  volume = {2},
  pages = {582--593},
  number = {4},
  publisher = {Elsevier}
}

@ARTICLE{nilsen2012impact,
  author = {Nilsen, H.M. and Syversveen, A.R. and Lie, K.A. and Tveranger, J.
	and Nordbotten, J.M.},
  title = {Impact of top-surface morphology on CO< sub> 2</sub> storage capacity},
  journal = {International Journal of Greenhouse Gas Control},
  year = {2012},
  volume = {11},
  pages = {221--235},
  publisher = {Elsevier}
}

@BOOK{nordbotten2004sequestration,
  title = {{Sequestration of Carbon in Saline Aquifers Mathematical and Numerical
	Analysis}},
  publisher = {The University of Bergen},
  year = {2004},
  author = {Nordbotten, J.M.},
  isbn = {8292160256}
}

@ARTICLE{nordbotten2005injection,
  author = {Nordbotten, J.M. and Celia, M.A. and Bachu, S.},
  title = {Injection and storage of CO 2 in deep saline aquifers: Analytical
	solution for CO 2 plume evolution during injection},
  journal = {Transport in Porous Media},
  year = {2005},
  volume = {58},
  pages = {339--360},
  number = {3},
  publisher = {Springer}
}

@ARTICLE{nordbotten2008semi,
  author = {Nordbotten, JM and Kavetski, D. and Celia, MA and Bachu, S.},
  title = {{A semi-analytical model estimating leakage associated with CO2 storage
	in large-scale multi-layered geological systems with multiple leaky
	wells}},
  journal = {Under Review at: Environmental Science and Technology},
  year = {2008}
}

@ARTICLE{Nowak2009,
  author = {W. Nowak},
  title = {Best unbiased ensemble linearization and the Quasi-Linear {Kalman}
	Ensemble Generator},
  journal = {Water Resour. Res.},
  year = {2009},
  volume = {45},
  number = {W04431},
  doi = {10.1029/2008WR007328}
}

@ARTICLE{Nowak_2009_BUEL,
  author = {W. Nowak},
  title = {Best unbiased ensemble linearization and the Quasi-Linear {Kalman}
	Ensemble Generator},
  journal = {Water Resour. Res.},
  year = {2009},
  volume = {45},
  number = {W04431},
  doi = {10.1029/2008WR007328}
}

@ARTICLE{OladNowakBarros_AWR2011,
  author = {Oladyshkin, S. and de Barros, F. P. J. and Nowak, W.},
  title = {Global sensitivity analysis: a flexible and efficient framework with
	an example from stochastic hydrogeology},
  journal = {Advances in Water Resources},
  year = {2011},
  volume = {In Press},
  doi = {10.1016/j.advwatres.2011.11.001},
  publisher = {Elsevier}
}

@ARTICLE{oladyshkin2011concept,
  author = {Oladyshkin, S. and Class, H. and Helmig, R. and W. Nowak},
  title = {A concept for data-driven uncertainty quantification and its application
	to carbon dioxide storage in geological formations},
  journal = {Advances in Water Resources},
  year = {2011},
  volume = {34},
  pages = {1508--1518},
  doi = {10.1016/j.advwatres.2011.08.005},
  publisher = {Elsevier}
}

@ARTICLE{oladyshkinintegrative,
  author = {Oladyshkin, S. and Class, H. and Helmig, R. and W. Nowak},
  title = {An integrative approach to robust design and probabilistic risk assessment
	for $\mbox{CO}_{2}$ storage in geological formations},
  journal = {Computational Geosciences},
  year = {2011},
  volume = {15},
  pages = {565-577},
  number = {3},
  doi = {10.1007/s10596-011-9224-8},
  publisher = {Springer}
}

@BOOK{Oladyshkin2012,
  title = {Polynomial response surfaces for probabilistic risk assessment and
	risk control via robust design. Risk Assessment / Book 1},
  publisher = {InTech},
  year = {2012},
  author = {Oladyshkin, S. and Nowak. W},
  isbn = {979-953-307-765-8}
}

@BOOK{OladyshkinNowak_InTech2012,
  title = {Polynomial response surfaces for probabilistic risk assessment and
	risk control via robust design. Risk Assessment / Book 1},
  publisher = {InTech},
  year = {2012},
  author = {Oladyshkin, S. and Nowak. W},
  isbn = {979-953-307-765-8}
}

@BOOK{OladyshkinNowak_InTech2012,
  title = {Polynomial response surfaces for probabilistic risk assessment and
	risk control via robust design. Risk Assessment / Book 1},
  publisher = {InTech},
  year = {2012},
  author = {Oladyshkin, S. and Nowak. W},
  isbn = {979-953-307-765-8}
}

@BOOK{OladyshkinNowak_InTech2012,
  title = {Polynomial response surfaces for probabilistic risk assessment and
	risk control via robust design. Risk Assessment / Book 1},
  publisher = {InTech},
  year = {2012},
  author = {Oladyshkin, S. and Nowak. W},
  isbn = {979-953-307-765-8}
}

@ARTICLE{oldenburg2010comments,
  author = {C. Oldenburg},
  title = {{Comments on Economides and Ehlig-Economides," Sequestering carbon
	dioxide in a closed underground volume," SPE 124430, October 2009}},
  year = {2010}
}

@ARTICLE{phsGeo,
  author = {M. Pidwirny},
  title = {Causes of Climate Change},
  journal = {Fundamentals of Physical Geography},
  year = {2006},
  volume = {http://www.physicalgeography.net/fundamentals/7y.html}
}

@ARTICLE{rapoport1953properties,
  author = {Rapoport, LA and Leas, WJ},
  title = {Properties of linear waterfloods},
  journal = {Trans. AIME},
  year = {1953},
  volume = {198},
  pages = {139--148},
  number = {1953}
}

@INPROCEEDINGS{Reuter2008,
  author = {Reuter, U. and Liebscher, M.},
  title = {Global sensitivity analysis in view of nonlinear structural behavior},
  booktitle = {Proceedings of the 7th LS-Dyna Forum, Bamberg},
  year = {2008}
}

@INPROCEEDINGS{reuter2008global,
  author = {Reuter, U. and Liebscher, M.},
  title = {Global sensitivity analysis in view of nonlinear structural behavior},
  booktitle = {Proceedings of the 7th LS-Dyna Forum, Bamberg},
  year = {2008}
}

@INPROCEEDINGS{rosado2007analysis,
  author = {Rosado-Vazquez, F. and Rangel-German, E. and Rodriguez-De La Garza,
	F.},
  title = {Analysis of capillary, gravity and viscous forces effects in oil/water
	displacement},
  booktitle = {International Oil Conference and Exhibition in Mexico},
  year = {2007}
}

@ARTICLE{rutqvist2007,
  author = {J. Rutqvist and J. Birkholzer and F. Cappa and C.-F. Tsang},
  title = {Estimating maximum sustainable injection pressure during geological
	sequestration of $\mbox{CO}_{2}$ using coupled fluid flow and geomechanical
	fault-slip analysis},
  journal = {Energy Conversion and Management},
  year = {2007},
  volume = {48},
  pages = {1798-1807},
  number = {6},
  issn = {0196-8904}
}

@ARTICLE{rutqvist2006modeling,
  author = {Rutqvist, J. and Birkholzer, J. and Tsang, C.F.},
  title = {{Modeling of geomechanical proceses during injection in a multilayered
	reservoir-caprock system and implications on site characterization}},
  year = {2006}
}

@ARTICLE{rutqvist2002cap,
  author = {Rutqvist, J. and Tsang, C.F.},
  title = {A study of caprock hydromechanical changes associated with $\mbox{CO}_{2}$
	injection into a brine formation},
  journal = {Environmental Geology},
  year = {2002},
  volume = {42},
  pages = {296-305},
  note = {10.1007/s00254-001-0499-2 },
  issn = {0943-0105},
  issue = {2},
  keyword = {Earth and Environmental Science},
  publisher = {Springer Berlin / Heidelberg},
  url = {http://dx.doi.org/10.1007/s00254-001-0499-2 }
}

@BOOK{sahimi2011flow,
  title = {Flow and transport in porous media and fractured rock: From classical
	methods to modern approaches},
  publisher = {Wiley-VCH},
  year = {2011},
  author = {Sahimi, M.}
}

@INPROCEEDINGS{Saltelli,
  author = {Saltelli, A.},
  title = {Global sensitivity analysis: an introduction},
  booktitle = {Proc. 4th International Conference on Sensitivity Analysis of Model
	Output},
  pages = {27--43}
}

@INPROCEEDINGS{saltelli4global,
  author = {Saltelli, A.},
  title = {Global sensitivity analysis: an introduction},
  booktitle = {Proc. 4th International Conference on Sensitivity Analysis of Model
	Output},
  pages = {27--43}
}

@BOOK{saltelli2007global,
  title = {Global sensitivity analysis: the primer},
  publisher = {Wiley},
  year = {2007},
  author = {Saltelli, A.},
  isbn = {978-047-005-997-5}
}

@ARTICLE{Sobol2001,
  author = {Sobol, I.M.},
  title = {Global sensitivity indices for nonlinear mathematical models and
	their Monte Carlo estimates},
  journal = {Mathematics and Computers in Simulation},
  year = {2001},
  volume = {55},
  pages = {271--280},
  number = {1-3},
  publisher = {Elsevier}
}

@ARTICLE{sobol2001global,
  author = {Sobol, I.M.},
  title = {Global sensitivity indices for nonlinear mathematical models and
	their Monte Carlo estimates},
  journal = {Mathematics and Computers in Simulation},
  year = {2001},
  volume = {55},
  pages = {271--280},
  number = {1-3},
  publisher = {Elsevier}
}

@CONFERENCE{spiteri2005relative,
  author = {Spiteri, E. and Juanes, R. and Blunt, M. and Orr, F.},
  title = {{Relative-Permeability Hysteresis: Trapping Models and Application
	to Geological CO2 Sequestration}},
  booktitle = {SPE Annual Technical Conference and Exhibition},
  year = {2005}
}

@ARTICLE{syversveenstudy,
  author = {Syversveen, A.R. and Nilsen, H.M. and Lie, K.A. and Tveranger, J.
	and Abrahamsen, P.},
  title = {A Study on How Top-Surface Morphology Influences the Storage Capacity
	of CO 2 in Saline Aquifers},
  journal = {Geostatistics Oslo 2012},
  year = {2012},
  pages = {481--492},
  publisher = {Springer}
}

@BOOK{Villadsen1978,
  title = {Solution of differential equation models by polynomial approximation},
  publisher = {Prentice-Hall},
  year = {1978},
  author = {Villadsen, J. and Michelsen, M. L.},
  pages = {446}
}

@BOOK{Villadsen1978a,
  title = {Solution of differential equation models by polynomial approximation},
  publisher = {Prentice-Hall},
  year = {1978},
  author = {Villadsen, J. and Michelsen, M. L.},
  pages = {446}
}

@ARTICLE{walker2003defining,
  author = {Walker, W.E. and Harremoes, P. and Rotmans, J. and Van der Sluijs,
	JP and Van Asselt, MBA and Janssen, P. and Von Krauss, M.P.K.},
  title = {Defining uncertainty: a conceptual basis for uncertainty management
	in model-based decision support},
  journal = {Integrated Assessment},
  year = {2003},
  volume = {4},
  pages = {5--17},
  number = {1},
  publisher = {Taylor \& Francis}
}

@ARTICLE{Wiener1938,
  author = {Wiener, N.},
  title = {The homogeneous chaos},
  journal = {Am. J. Math},
  year = {1938},
  volume = {60},
  pages = {897--936}
}

@ARTICLE{Wiener1938a,
  author = {Wiener, N.},
  title = {The homogeneous chaos},
  journal = {Am. J. Math},
  year = {1938},
  volume = {60},
  pages = {897--936}
}

@ARTICLE{Xiu2003,
  author = {Xiu, D. and Karniadakis, G. E.},
  title = {Modeling uncertainty in flow simulations via generalized polynomial
	chaos},
  journal = {Journal of Computational Physics},
  year = {2003},
  volume = {187},
  pages = {137--167}
}

@ARTICLE{yang1992analytical,
  author = {Yang, W.},
  title = {An Analytical Solution to Two-Phase Flow in Porous Media and its
	Application to Water Coning},
  journal = {SPE Reservoir Eng. J., 1},
  year = {1992},
  volume = {38}
}

@ARTICLE{Yortsos1983,
  author = {Yortsos, YC and Fokas, AS},
  title = {An analytical solution for linear waterflood including the effects
	of capillary pressure},
  journal = {Old SPE Journal},
  year = {1983},
  volume = {23},
  pages = {115--124},
  number = {1},
  publisher = {Society of Petroleum Engineers}
}

@ARTICLE{yortsos1983analytical,
  author = {Yortsos, YC and Fokas, AS},
  title = {An analytical solution for linear waterflood including the effects
	of capillary pressure},
  journal = {Old SPE Journal},
  year = {1983},
  volume = {23},
  pages = {115--124},
  number = {1},
  publisher = {Society of Petroleum Engineers}
}

@ARTICLE{Zhang2004,
  author = {Zhang, D. and Lu, Z.},
  title = {An efficient, high-order perturbation approach for flow in random
	media via Karhunen-Loeve and polynomial expansions},
  journal = {Journal of Computational Physics},
  year = {2004},
  volume = {194},
  pages = {773--794}
}

@ARTICLE{Zhang_Lu_2004_JCP,
  author = {Zhang, D. and Lu, Z.},
  title = {An efficient, high-order perturbation approach for flow in random
	media via Karhunen-Loeve and polynomial expansions},
  journal = {Journal of Computational Physics},
  year = {2004},
  volume = {194},
  pages = {773--794}
}

@ARTICLE{zhou2008method,
  author = {Zhou, Q. and Birkholzer, J.T. and Tsang, C.F. and Rutqvist, J.},
  title = {A method for quick assessment of $\mbox{CO}_{2}$ storage capacity
	in closed and semi-closed saline formations},
  journal = {International Journal of Greenhouse Gas Control},
  year = {2008},
  volume = {2},
  pages = {626--639},
  number = {4},
  publisher = {Elsevier}
}

@BOOK{zoback2007reservoir,
  title = {{Reservoir geomechanics}},
  publisher = {Cambridge Univ Pr},
  year = {2007},
  author = {Zoback, M.D.},
  isbn = {0521770696}
}

@ARTICLE{zoback2003determination,
  author = {Zoback, MD and Barton, CA and Brudy, M. and Castillo, DA and Finkbeiner,
	T. and Grollimund, BR and Moos, DB and Peska, P. and Ward, CD and
	Wiprut, DJ},
  title = {{Determination of stress orientation and magnitude in deep wells}},
  journal = {International Journal of Rock Mechanics and Mining Sciences},
  year = {2003},
  volume = {40},
  pages = {1049--1076},
  number = {7-8},
  issn = {1365-1609},
  publisher = {Elsevier}
}

@ARTICLE{law1966hydrological,
  title={Hydrological and Numerical Analysis of CO$_2$ disposal in deep aquifer systems in the Alberta sedimentary basin},
  author={Law, HS and Bachu, S},
  journal={Ener. Convers. Mgmt},
  volume={37},
  number={6-8},
  pages={1167--1174},
  year={1966}
}

@ARTICLE{van1995co,
  title={The CO$_2$ storage efficiency of aquifers},
  author={Van der Meer, LGH},
  journal={Energy Conversion and Management},
  volume={36},
  number={6},
  pages={513--518},
  year={1995},
  publisher={Elsevier}
}

@article{sneider2000seals,
  title={Seals-A Critical Element To Successful Exploration and Production-Workshop Summary},
  author={Sneider, Robert and Surdam, Ronald and Vavra, Charles},
  year={2000},
  publisher={PTTC}
}


@article{lindeberg1997escape,
  title={Escape of CO$_2$ from aquifers},
  author={Lindeberg, Erik},
  journal={Energy Conversion and Management},
  volume={38},
  pages={S235--S240},
  year={1997},
  publisher={Pergamon}
}

@article{change1995ipcc,
  title={{IPCC} {S}econd {A}ssessment},
  author={CHANGE, INTERGOVERNMENTAL PANEL ON CLIMATE},
  journal={A Synthesis Report. Geneva: WMO},
  year={1995}
}

@article {iaeScenario,
		author = "IEA",
		title = "{Key World Energy Statistics 2009}",
		url = "/content/book/9789264039537-en",
		doi = "10.1787/9789264039537-en",
		publisher = {OECD}
}


@article{hovorka2004impact,
  title={The impact of geological heterogeneity on {CO}$_2$ storage in brine formations: a case study from the {T}exas {G}ulf {C}oast},
  author={Hovorka, Susan D and Doughty, Christine and Benson, Sally M and Pruess, Karsten and Knox, Paul R},
  journal={Geological Society, London, Special Publications},
  volume={233},
  number={1},
  pages={147--163},
  year={2004},
  publisher={Geological Society of London}
}

@inproceedings{riddiford2004monitoring,
  title={Monitoring geological storage the In Salah Gas {CO}$_2$ storage project},
  author={Riddiford, Fred and Wright, Iain and Bishop, Clive and Espie, Tony and Tourqui, A},
  booktitle={Proceedings of 7th international conference on greenhouse gas control technologies (GHGT-7), Vancouver, Canada},
  year={2004}
}

@article{forster2006baseline,
  title={Baseline characterization of the {CO2SINK} geological storage site at Ketzin, Germany},
  author={F{\"o}rster, Andrea and Norden, Ben and Zinck-J{\o}rgensen, Kim and Frykman, Peter and Kulenkampff, Johannes and Spangenberg, Erik and Erzinger, J{\"o}rg and Zimmer, Martin and Kopp, J{\"u}rgen and Borm, G{\"u}nter and others},
  journal={Environmental Geosciences},
  volume={13},
  number={3},
  pages={145--161},
  year={2006},
  publisher={American Association of Petroleum Geologists (AAPG)}
}

@misc{sis2007eclipse,
  title={ECLIPSE Technical Description Manual},
  author={Schlumberger},
  year={2007},
  publisher={Schlumberger}
}